% Encoding: UTF-8

@Article{Liu2017,
  author    = {Fang Liu and Julia V. Velikina and Walter F. Block and Richard Kijowski and Alexey A. Samsonov},
  title     = {Fast Realistic {MRI} Simulations Based on Generalized Multi-Pool Exchange Tissue Model},
  journal   = {{IEEE} Transactions on Medical Imaging},
  year      = {2017},
  volume    = {36},
  number    = {2},
  pages     = {527--537},
  month     = feb,
  doi       = {10.1109/tmi.2016.2620961},
  publisher = {Institute of Electrical and Electronics Engineers ({IEEE})},
}

@Book{Weishaupt2014,
  title     = {Wie funktioniert MRI?},
  publisher = {Springer-Verlag GmbH},
  year      = {2014},
  author    = {Weishaupt, Dominik and K{\"{o}}chli, Victor D. and Marincek, Borut},
  isbn      = {3642416152},
  date      = {2014-01-28},
  doi       = {10.1007/978-3-662-45883-9},
  ean       = {9783642416156},
  url       = {https://www.ebook.de/de/product/21795766/dominik_weishaupt_victor_d_koechli_borut_marincek_wie_funktioniert_mri.html},
}

@Manual{mrimanual,
  title   = {MRiLab v1.1 User Guide},
  author  = {Fang Liu},
  address = {leoliuf@gmail.com},
  month   = jan,
  year    = {2014},
}

@Book{Reiser2008,
  title     = {Magnetic Resonance Tomography},
  publisher = {Springer Berlin Heidelberg},
  year      = {2008},
  author    = {Reiser, Maximilian F. and Semmler, Wolfhard and Hricak, Hedvig},
  date      = {2007-12-05},
  ean       = {9783540293552},
  url       = {https://www.ebook.de/de/product/11429281/magnetic_resonance_tomography.html},
}

@Book{Lipton2008,
  title     = {Totally Accessible MRI},
  publisher = {Springer-Verlag GmbH},
  year      = {2008},
  author    = {Lipton, Michael L.},
  isbn      = {0387488952},
  date      = {2008-02-19},
  ean       = {9780387488950},
  url       = {https://www.ebook.de/de/product/5962305/michael_l_lipton_totally_accessible_mri.html},
}

@Book{Hendrick2007,
  title     = {Breast MRI},
  publisher = {Springer New York},
  year      = {2007},
  author    = {Hendrick, R. Edward},
  isbn      = {0387735062},
  date      = {2007-12-06},
  ean       = {9780387735061},
  pagetotal = {268},
  url       = {https://www.ebook.de/de/product/7043707/r_edward_hendrick_breast_mri.html},
}

@Book{MichaelG.Aquilla1996,
  title     = {Technical Magnetic Resonance Imaging},
  publisher = {APPLETON \& LANGE},
  year      = {1996},
  author    = {John A. Markisz and Michael G. Aquilia},
  isbn      = {0838588360},
  date      = {1996-04-11},
  ean       = {9780838588369},
  pagetotal = {287},
  url       = {https://www.ebook.de/de/product/3731969/michael_g_aquilla_michael_g_aquilia_technical_magnetic_resonance_imaging.html},
}

@Book{Enc1994,
  title     = {The World Book Encyclopedia 1995},
  publisher = {World Book Encyclopedia},
  year      = {1994},
  author    = {{WBE}},
  volume    = {13},
  isbn      = {978-0716600954},
  booktitle = {The World Book Encyclopedia},
  url       = {https://www.amazon.com/World-Book-Encyclopedia-1995/},
}

@Article{Rabi1938,
  author    = {I. I. Rabi and J. R. Zacharias and S. Millman and P. Kusch},
  title     = {A New Method of Measuring Nuclear Magnetic Moment},
  journal   = {Physical Review},
  year      = {1938},
  volume    = {53},
  number    = {4},
  pages     = {318--318},
  month     = {feb},
  doi       = {10.1103/physrev.53.318},
  publisher = {American Physical Society ({APS})},
}

@Article{Gerlach1922,
  author    = {Walther Gerlach and Otto Stern},
  title     = {Der experimentelle Nachweis der Richtungsquantelung im Magnetfeld},
  journal   = {Zeitschrift f√ºr Physik},
  year      = {1922},
  volume    = {9},
  number    = {1},
  pages     = {349-352},
  month     = dec,
  doi       = {10.1007/bf01326983},
  publisher = {Springer Nature},
}

@Misc{LHC2018,
  author = {LHC-Facts},
  title  = {Dipolmagnet - Funktionsprinzip},
  year   = {2018},
  url    = {http://www.lhc-facts.ch/index.php?page=dipol},
}

@Article{Weibler1993,
  author  = {Joseph Weibler},
  title   = {Properties of Metals Used for RF Shielding},
  journal = {EMC Test \& Design},
  year    = {1993},
  url     = {http://mriquestions.com/uploads/3/4/5/7/34572113/lindgren_metals_used_for_rf_shielding.pdf},
}

@Comment{jabref-meta: databaseType:bibtex;}
